@Book{Aho:72,
    author	= {Aho, Alfred~V.  and Ullman, Jeffrey~D.},
    year	= 1972,
    title	= {{The Theory of Parsing, Translation and Compiling}},
    address	= {Englewood Cliffs, NJ},
    publisher   = {Prentice-Hall},  
    note        = {Volume~1}
}
@Manual{APA:83,
    author	= {American Psychological Association},
    year	= 1983,
    title	= {{Publications Manual}},
    address	= {Washington, DC}, 
    publisher   = {American Psychological Association}
}
@Article{ACM:83,
    author	= {Association for Computing Machinery},
    year	= 1983,
    title	= {{Computing Reviews}},
    volume	= 24,
    number	= 11,
    pages	= {503--512}
}
@InCollection{Chandra:81,
    author	= {Chandra, Ashok~K.  and Kozen, Dexter~C. and Stockmeyer, Larry~J. },
    year	= 1981,
    title	= {Alternation},
    volume	= 28,
    number	= 1,
    pages	= {114--133},
    booktitle	= {Journal of the Association for Computing Machinery}
}
@Book{Gusfield:97,
    author	= {Dan Gusfield},
    year	= 1997,
    title	= {{Algorithms on Strings, Trees and Sequences}},
    address	= {Cambridge, UK},
    publisher   = {Cambridge University Press}
}
