@inproceedings{you-chen:2004,
  author    = {Jia-Ming You  and  Keh-Jiann Chen},
  title     = {Automatic Semantic Role Assignment for a Tree Structure},
  booktitle = {ACL SIGHAN Workshop 2004},
  editor = {Oliver Streiter and Qin Lu},
  year      = 2004,
  month     = {July},
  address   = {Barcelona, Spain},
  publisher = {Association for Computational Linguistics},
  pages     = {109--115}
}
@article{Gildea:2002,
 author = {Daniel Gildea and Daniel Jurafsky},
 title = {Automatic Labeling of Semantic Roles},
 journal = {Comput. Linguist.},
 issue_date = {September 2002},
 volume = {28},
 number = {3},
 month = sep,
 year = {2002},
 issn = {0891-2017},
 pages = {245--288},
 numpages = {44},
 url = {http://dx.doi.org/10.1162/089120102760275983},
 doi = {10.1162/089120102760275983},
 acmid = {643093},
 publisher = {MIT Press},
 address = {Cambridge, MA, USA},
} 
@inproceedings{Lin:2010:CSR:1909632.1912231,
 author = {Xiaojun Lin and Meng Zhang and Xihong Wu},
 title = {Chinese Semantic Role Labeling with Hierarchical Semantic Knowledge},
 booktitle = {Proceedings of the 2010 International Conference on Electrical and Control Engineering},
 series = {ICECE '10},
 year = {2010},
 isbn = {978-0-7695-4031-3},
 pages = {583--586},
 numpages = {4},
 url = {http://dx.doi.org/10.1109/iCECE.2010.149},
 doi = {10.1109/iCECE.2010.149},
 acmid = {1912231},
 publisher = {IEEE Computer Society},
 address = {Washington, DC, USA},
 keywords = {semantic role labeling, semantic knowledge, HowNet, natural language processing},
} 
@article{sinica-treebank,
  author  = {Keh-Jiann Chen and Chi-Ching Luo and Ming-Chung Chang and  Feng- Yi Chen and ChaoJan Chen and Chu-Ren Huang},
  title   = {Sinica Treebank: Design criteria, representational issues and implementation},
  journal = {Anne Abeille (Ed.) Treebanks Building and Using Parsed Corpora. Language and Speech series. Dordrecht:Kluwer},
  year    = {2003},
  pages   = {pp231-248},
}
@INPROCEEDINGS{Pradhan04shallowsemantic,
    author = {Sameer Pradhan and Wayne Ward and Kadri Hacioglu and James H. Martin},
    title = {Shallow semantic parsing using Support Vector Machines},
    booktitle = {},
    year = {2004}
}
@inproceedings{Zapirain:2007:USS:1621474.1621551,
 author = {Be\'{n}at Zapirain and Eneko Agirre and Llu\'{\i}s M\`{a}rquez},
 title = {UBC-UPC: Sequential SRL Using Selectional Preferences: An Aproach with Maximum Entropy Markov Models},
 booktitle = {Proceedings of the 4th International Workshop on Semantic Evaluations},
 series = {SemEval '07},
 year = {2007},
 location = {Prague, Czech Republic},
 pages = {354--357},
 numpages = {4},
 url = {http://dl.acm.org/citation.cfm?id=1621474.1621551},
 acmid = {1621551},
 publisher = {Association for Computational Linguistics},
 address = {Stroudsburg, PA, USA},
} 
@INPROCEEDINGS{tan-wang-2009, 
author={Yongmei Tan and Xu Wang and Yong Chen}, 
booktitle={Natural Language Processing and Knowledge Engineering, 2009. NLP-KE 2009. International Conference on}, 
title={Chinese semantic role labeling using CRFs and SVMs}, 
year={2009}, 
pages={1-5}, 
keywords={computational linguistics;information retrieval;support vector machines;CRF;Chinese semantic role labeling;SVM;computational linguistics;document retrieval;information extraction;machine translation;question answering;Computational linguistics;Data mining;Gold;Information retrieval;Labeling;Natural languages;Performance evaluation;Support vector machines;Teeth;Text recognition;Conditional Random Fields;Semantic Role Labeling;Support Vector Machines;Tracking}, 
doi={10.1109/NLPKE.2009.5313827},
}
@INPROCEEDINGS{Xue04calibratingfeatures,
    author = {Nianwen Xue},
    title = {Calibrating features for semantic role labeling},
    booktitle = {In Proceedings of EMNLP 2004},
    year = {2004},
    pages = {88--94}
}
@inproceedings{Lin:2010:CSR:1909632.1912231,
 author = {Xiaojun Lin and Meng Zhang and Xihong Wu},
 title = {Chinese Semantic Role Labeling with Hierarchical Semantic Knowledge},
 booktitle = {Proceedings of the 2010 International Conference on Electrical and Control Engineering},
 series = {ICECE '10},
 year = {2010},
 isbn = {978-0-7695-4031-3},
 pages = {583--586},
 numpages = {4},
 doi = {10.1109/iCECE.2010.149},
 acmid = {1912231},
 publisher = {IEEE Computer Society},
 address = {Washington, DC, USA},
 keywords = {semantic role labeling, semantic knowledge, HowNet, natural language processing},
} 
@inproceedings{Park:2005:MEB:1706543.1706583,
 author = {Kyung-Mi Park and Hae-Chang Rim},
 title = {Maximum Entropy Based Semantic Role Labeling},
 booktitle = {Proceedings of the Ninth Conference on Computational Natural Language Learning},
 series = {CONLL '05},
 year = {2005},
 location = {Ann Arbor, Michigan},
 pages = {209--212},
 numpages = {4},
 url = {http://dl.acm.org/citation.cfm?id=1706543.1706583},
 acmid = {1706583},
 publisher = {Association for Computational Linguistics},
 address = {Stroudsburg, PA, USA},
} 
@inproceedings{Chen:2003:UDL:1119355.1119361,
 author = {John Chen and Owen Rambow},
 title = {Use of Deep Linguistic Features for the Recognition and Labeling of Semantic Arguments},
 booktitle = {Proceedings of the 2003 Conference on Empirical Methods in Natural Language Processing},
 series = {EMNLP '03},
 year = {2003},
 pages = {41--48},
 numpages = {8},
 url = {http://dx.doi.org/10.3115/1119355.1119361},
 doi = {10.3115/1119355.1119361},
 acmid = {1119361},
 publisher = {Association for Computational Linguistics},
 address = {Stroudsburg, PA, USA},
} 
@inproceedings{Chen:2010:EAC:1944284.1944296,
 author = {Wei-Te Chen and Su-Chu Lin and Shu-Ling Huang and You-Shan Chung and Keh-Jiann Chen},
 title = {E-HowNet and Automatic Construction of a Lexical Ontology},
 booktitle = {Proceedings of the 23rd International Conference on Computational Linguistics: Demonstrations},
 series = {COLING '10},
 year = {2010},
 location = {Beijing, China},
 pages = {45--48},
 numpages = {4},
 url = {http://dl.acm.org/citation.cfm?id=1944284.1944296},
 acmid = {1944296},
 publisher = {Association for Computational Linguistics},
 address = {Stroudsburg, PA, USA},
} 

