@article{Gildea:2002,
 author = {Gildea, Daniel and Jurafsky, Daniel},
 title = {Automatic Labeling of Semantic Roles},
 journal = {Comput. Linguist.},
 issue_date = {September 2002},
 volume = {28},
 number = {3},
 month = sep,
 year = {2002},
 issn = {0891-2017},
 pages = {245--288},
 numpages = {44},
 url = {http://dx.doi.org/10.1162/089120102760275983},
 doi = {10.1162/089120102760275983},
 acmid = {643093},
 publisher = {MIT Press},
 address = {Cambridge, MA, USA},
} 
@INPROCEEDINGS{Xue04calibratingfeatures,
    author = {Nianwen Xue},
    title = {Calibrating features for semantic role labeling},
    booktitle = {In Proceedings of EMNLP 2004},
    year = {2004},
    pages = {88--94}
}
@INPROCEEDINGS{Pradhan04shallowsemantic,
    author = {Sameer Pradhan and Wayne Ward and Kadri Hacioglu and James H. Martin},
    title = {Shallow semantic parsing using Support Vector Machines},
    booktitle = {},
    year = {2004}
}
@inproceedings{sun-jurafsky:2004:HLTNAACL,
  author    = {Sun, Honglin  and  Jurafsky, Daniel},
  title     = {Shallow Semantc Parsing of Chinese},
  booktitle = {HLT-NAACL 2004: Main Proceedings },
  editor = {Susan Dumais, Daniel Marcu and Salim Roukos},
  year      = 2004,
  month     = {May 2 - May 7},
  address   = {Boston, Massachusetts, USA},
  publisher = {Association for Computational Linguistics},
  pages     = {249--256}
}
@article{Xue:2008:LCP:1403157.1403161,
 author = {Xue, Nianwen},
 title = {Labeling Chinese Predicates with Semantic Roles},
 journal = {Comput. Linguist.},
 issue_date = {June 2008},
 volume = {34},
 number = {2},
 month = jun,
 year = {2008},
 issn = {0891-2017},
 pages = {225--255},
 numpages = {31},
 url = {http://dx.doi.org/10.1162/coli.2008.34.2.225},
 doi = {10.1162/coli.2008.34.2.225},
 acmid = {1403161},
 publisher = {MIT Press},
 address = {Cambridge, MA, USA},
} 
@MISC{Johansson08theeffect,
    author = {Richard Johansson and Pierre Nugues},
    title = {The Effect of Syntactic Representation on Semantic Role Labeling},
    year = {2008}
}
@MISC{Gildea03identifyingsemantic,
    author = {Daniel Gildea and Julia Hockenmaier},
    title = {Identifying Semantic Roles Using Combinatory Categorial Grammar},
    year = {2003}
}
@article{Pradhan:2008:TRS:1403157.1403163,
 author = {Pradhan, Sameer S. and Ward, Wayne and Martin, James H.},
 title = {Towards Robust Semantic Role Labeling},
 journal = {Comput. Linguist.},
 issue_date = {June 2008},
 volume = {34},
 number = {2},
 month = jun,
 year = {2008},
 issn = {0891-2017},
 pages = {289--310},
 numpages = {22},
 url = {http://dx.doi.org/10.1162/coli.2008.34.2.289},
 doi = {10.1162/coli.2008.34.2.289},
 acmid = {1403163},
 publisher = {MIT Press},
 address = {Cambridge, MA, USA},
} 
@INPROCEEDINGS{Swanson06acomparison,
    author = {Reid Swanson and Andrew S. Gordon},
    title = {A comparison of alternative parse tree paths for labeling semantic roles},
    booktitle = {In Proceedings of COLING/ACL-2006},
    year = {2006}
}
@inproceedings{you-chen:2004:SIGHAN,
  author    = {You, Jia-Ming  and  Chen, Keh-Jiann},
  title     = {Automatic Semantic Role Assignment for a Tree Structure},
  booktitle = {ACL SIGHAN Workshop 2004},
  editor = {Oliver Streiter and Qin Lu},
  year      = 2004,
  month     = {July},
  address   = {Barcelona, Spain},
  publisher = {Association for Computational Linguistics},
  pages     = {109--115}
}



